<?xml version="1.0" encoding="UTF-8"?><record xmlns="http://www.loc.gov/MARC21/slim" xmlns:cinclude="http://apache.org/cocoon/include/1.0" xmlns:zs="http://www.loc.gov/zing/srw/">
  <leader>00930cz  a2200181n  4500</leader>
  <controlfield tag="001">n 2011207335</controlfield>
  <controlfield tag="003">DLC</controlfield>
  <controlfield tag="005">20110603075114.0</controlfield>
  <controlfield tag="008">110602n| acannaabn          |b aaa      </controlfield>
  <datafield tag="010" ind1=" " ind2=" ">
    <subfield code="a">n 2011207335</subfield>
  </datafield>
  <datafield tag="040" ind1=" " ind2=" ">
    <subfield code="a">DLC</subfield>
    <subfield code="b">eng</subfield>
    <subfield code="c">DLC</subfield>
  </datafield>
  <datafield tag="100" ind1="1" ind2=" ">
    <subfield code="a">Ravānbad, ʻAbd Allāh,</subfield>
    <subfield code="d">1927-1988</subfield>
  </datafield>
  <datafield tag="400" ind1="1" ind2=" ">
    <subfield code="a">Ravānbad, Muḥammad ʻAbd Allāh,</subfield>
    <subfield code="d">1927-1988</subfield>
  </datafield>
  <datafield tag="400" ind1="1" ind2=" ">
    <subfield code="a">Ravānbad, Muḥammad,</subfield>
    <subfield code="d">1927-1988</subfield>
  </datafield>
  <datafield tag="400" ind1="1" ind2=" ">
    <subfield code="a">ʻAbd Allāh Ravānbad, Muḥammad,</subfield>
    <subfield code="d">1927-1988</subfield>
  </datafield>
  <datafield tag="400" ind1="1" ind2=" ">
    <subfield code="a">‏روانبد، عبد الله,</subfield>
    <subfield code="d">1927-1988</subfield>
  </datafield>
  <datafield tag="667" ind1=" " ind2=" ">
    <subfield code="a">Non-Latin script reference not evaluated.</subfield>
  </datafield>
  <datafield tag="670" ind1=" " ind2=" ">
    <subfield code="a">Mawlānā ʻAbd Allāh Ravānbad, 2005 or 2006:</subfield>
    <subfield code="b">t.p. (مولانا عبد الله روانبد = Mawlānā ʻAbd Allāh Ravānbad) t.p. verso (Iranian CIP data: Ravānbad, Muḥammad) p. 7 (Mawlavī Muḥammad ʻAbd Allāh Ravānbad) p. 8 (Mawlavī Ḥājj ʻAbd Allāh Ravānbad; b. 1345 H.Q. [1927]) p. 11-12 (d. 1408 H.Q. [1988])</subfield>
  </datafield>
</record>